<collection xmlns="http://www.loc.gov/MARC21/slim">
<record>
  <leader>00936nam0a22002051i 450 </leader>
  <controlfield tag="001">IT\ICCU\CNCE\059133</controlfield>
  <controlfield tag="005">20110816000000.0</controlfield>
  <datafield tag="100" ind1=" " ind2=" ">
    <subfield code="a">20040916f1596        0itac0103    ba</subfield>
  </datafield>
  <datafield tag="101" ind1=" " ind2=" ">
    <subfield code="a">ITA</subfield>
  </datafield>
  <datafield tag="102" ind1=" " ind2=" ">
    <subfield code="a">IT</subfield>
  </datafield>
  <datafield tag="200" ind1="1" ind2=" ">
    <subfield code="a">Tauola delle farine sopra li grani di formento et segala alla illustre, &amp; inclita citt ̉di Vercelli</subfield>
  </datafield>
  <datafield tag="210" ind1=" " ind2=" ">
    <subfield code="d">\1596!</subfield>
    <subfield code="e">In Vercelli</subfield>
    <subfield code="g">appresso Francesco Pellippari</subfield>
    <subfield code="h">&amp; Leonardo Pontio stampatori della mensa episcopale</subfield>
  </datafield>
  <datafield tag="215" ind1=" " ind2=" ">
    <subfield code="a">1 foglio; atl</subfield>
  </datafield>
  <datafield tag="300" ind1=" " ind2=" ">
    <subfield code="a">Per la data cfr. M. Bersano Begey - G. Dondi, Le cinquecentine piemontesi, p. 336, n. 1428</subfield>
  </datafield>
  <datafield tag="620" ind1=" " ind2=" ">
    <subfield code="a">IT</subfield>
    <subfield code="d">Vercelli</subfield>
  </datafield>
  <datafield tag="710" ind1="0" ind2="2">
    <subfield code="a">Vercelli</subfield>
    <subfield code="3">7300</subfield>
  </datafield>
  <datafield tag="712" ind1="0" ind2="0">
    <subfield code="a">Pellipari, Giovanni Francesco &amp; Da_Ponte, Leonardo</subfield>
    <subfield code="3">IT\ICCU\CNCT\001691</subfield>
    <subfield code="4">650</subfield>
  </datafield>
  <datafield tag="790" ind1=" " ind2="0">
    <subfield code="a">Civitas Vercellarum</subfield>
    <subfield code="3">IT\ICCU\CNCA\025051</subfield>
    <subfield code="z">Vercelli</subfield>
  </datafield>
  <datafield tag="791" ind1="0" ind2="0">
    <subfield code="a">Pelippari, Francesco &amp; Pontio, Leonardo</subfield>
    <subfield code="3">IT\ICCU\CNCT\002474</subfield>
    <subfield code="z">Pellipari, Giovanni Francesco &amp; Da_Ponte, Leonardo</subfield>
  </datafield>
  <datafield tag="801" ind1=" " ind2="3">
    <subfield code="a">IT</subfield>
    <subfield code="b">ICCU</subfield>
    <subfield code="c">20201115</subfield>
  </datafield>
</record>
</collection>
